@book{idris2014python,
  title={Python Data Analysis},
  author={Idris, Ivan},
  year={2014},
  publisher={Packt Publishing Ltd}
}

@book{cuesta2016practical,
  title={Practical Data Analysis},
  author={Cuesta, Hector and Kumar, Sampath},
  year={2016},
  publisher={Packt Publishing Ltd}
}

@book{squire2015clean,
  title={Clean Data},
  author={Squire, Megan},
  year={2015},
  publisher={Packt Publishing Ltd}
}

@book{schutt2013doing,
  title={Doing data science: Straight talk from the frontline},
  author={Schutt, Rachel and O'Neil, Cathy},
  year={2013},
  publisher={" O'Reilly Media, Inc."}
}


